<?xml version="1.0" encoding="UTF-8"?><record xmlns="http://www.loc.gov/MARC21/slim" xmlns:cinclude="http://apache.org/cocoon/include/1.0" xmlns:zs="http://www.loc.gov/zing/srw/">
  <leader>00441cz  a2200133n  4500</leader>
  <controlfield tag="001">n  95090300 </controlfield>
  <controlfield tag="003">DLC</controlfield>
  <controlfield tag="005">19950920135724.6</controlfield>
  <controlfield tag="008">950913n| acannaab|          |a aaa |||  </controlfield>
  <datafield tag="010" ind1=" " ind2=" ">
    <subfield code="a">n  95090300 </subfield>
  </datafield>
  <datafield tag="040" ind1=" " ind2=" ">
    <subfield code="a">DLC</subfield>
    <subfield code="c">DLC</subfield>
    <subfield code="d">DLC</subfield>
  </datafield>
  <datafield tag="100" ind1="1" ind2="0">
    <subfield code="a">Vaškelis, Stasė</subfield>
  </datafield>
  <datafield tag="400" ind1="1" ind2="0">
    <subfield code="a">Vaškelienė, Stasė</subfield>
  </datafield>
  <datafield tag="670" ind1=" " ind2=" ">
    <subfield code="a">Lithuanian publications in the United States ... 1994:</subfield>
    <subfield code="b">t.p. (edited by Stasė Vaškelis; redagavo Stasė Vaškelienė) pref. (Chicago)</subfield>
  </datafield>
</record>